%YAML 1.1
%TAG !u! tag:unity3d.com,2011:
--- !u!1 &2285954487328647470
GameObject:
  m_ObjectHideFlags: 0
  m_CorrespondingSourceObject: {fileID: 0}
  m_PrefabInstance: {fileID: 0}
  m_PrefabAsset: {fileID: 0}
  serializedVersion: 6
  m_Component:
  - component: {fileID: 2285954487328647466}
  - component: {fileID: 2285954487328647464}
  - component: {fileID: 2285954487328647476}
  - component: {fileID: 2285954487328647477}
  - component: {fileID: 2285954487328647479}
  - component: {fileID: 2285954487328647465}
  m_Layer: 1
  m_Name: RoofBall
  m_TagString: Balls
  m_Icon: {fileID: 0}
  m_NavMeshLayer: 0
  m_StaticEditorFlags: 0
  m_IsActive: 0
--- !u!4 &2285954487328647466
Transform:
  m_ObjectHideFlags: 0
  m_CorrespondingSourceObject: {fileID: 0}
  m_PrefabInstance: {fileID: 0}
  m_PrefabAsset: {fileID: 0}
  m_GameObject: {fileID: 2285954487328647470}
  m_LocalRotation: {x: -0, y: -0, z: -0, w: 1}
  m_LocalPosition: {x: -50.913845, y: 13.564537, z: 2.5539174}
  m_LocalScale: {x: 5.5, y: 5.5, z: 5.5}
  m_Children: []
  m_Father: {fileID: 0}
  m_RootOrder: 0
  m_LocalEulerAnglesHint: {x: 0, y: 0, z: 0}
--- !u!23 &2285954487328647464
MeshRenderer:
  m_ObjectHideFlags: 0
  m_CorrespondingSourceObject: {fileID: 0}
  m_PrefabInstance: {fileID: 0}
  m_PrefabAsset: {fileID: 0}
  m_GameObject: {fileID: 2285954487328647470}
  m_Enabled: 1
  m_CastShadows: 0
  m_ReceiveShadows: 0
  m_DynamicOccludee: 1
  m_MotionVectors: 2
  m_LightProbeUsage: 0
  m_ReflectionProbeUsage: 0
  m_RayTracingMode: 2
  m_RenderingLayerMask: 1
  m_RendererPriority: 0
  m_Materials:
  - {fileID: 2100000, guid: 99804ea349d77d44787cd54e6160d17a, type: 2}
  m_StaticBatchInfo:
    firstSubMesh: 0
    subMeshCount: 0
  m_StaticBatchRoot: {fileID: 0}
  m_ProbeAnchor: {fileID: 0}
  m_LightProbeVolumeOverride: {fileID: 0}
  m_ScaleInLightmap: 1
  m_ReceiveGI: 1
  m_PreserveUVs: 0
  m_IgnoreNormalsForChartDetection: 0
  m_ImportantGI: 0
  m_StitchLightmapSeams: 1
  m_SelectedEditorRenderState: 3
  m_MinimumChartSize: 4
  m_AutoUVMaxDistance: 0.5
  m_AutoUVMaxAngle: 89
  m_LightmapParameters: {fileID: 0}
  m_SortingLayerID: 0
  m_SortingLayer: 0
  m_SortingOrder: 0
--- !u!54 &2285954487328647476
Rigidbody:
  m_ObjectHideFlags: 0
  m_CorrespondingSourceObject: {fileID: 0}
  m_PrefabInstance: {fileID: 0}
  m_PrefabAsset: {fileID: 0}
  m_GameObject: {fileID: 2285954487328647470}
  serializedVersion: 2
  m_Mass: 1
  m_Drag: 3
  m_AngularDrag: 0.05
  m_UseGravity: 0
  m_IsKinematic: 0
  m_Interpolate: 0
  m_Constraints: 120
  m_CollisionDetection: 0
--- !u!135 &2285954487328647477
SphereCollider:
  m_ObjectHideFlags: 0
  m_CorrespondingSourceObject: {fileID: 0}
  m_PrefabInstance: {fileID: 0}
  m_PrefabAsset: {fileID: 0}
  m_GameObject: {fileID: 2285954487328647470}
  m_Material: {fileID: 0}
  m_IsTrigger: 0
  m_Enabled: 1
  serializedVersion: 2
  m_Radius: 0.009999997
  m_Center: {x: 0, y: 0, z: 0}
--- !u!145 &2285954487328647479
SpringJoint:
  m_ObjectHideFlags: 0
  m_CorrespondingSourceObject: {fileID: 0}
  m_PrefabInstance: {fileID: 0}
  m_PrefabAsset: {fileID: 0}
  m_GameObject: {fileID: 2285954487328647470}
  m_ConnectedBody: {fileID: 0}
  m_Anchor: {x: 0, y: 0.5, z: 0}
  m_AutoConfigureConnectedAnchor: 1
  m_ConnectedAnchor: {x: 8, y: 108.75, z: -3}
  serializedVersion: 2
  m_Spring: 1000
  m_Damper: 100
  m_MinDistance: 0
  m_MaxDistance: 0
  m_Tolerance: 1.00000005e-20
  m_BreakForce: Infinity
  m_BreakTorque: Infinity
  m_EnableCollision: 1
  m_EnablePreprocessing: 0
  m_MassScale: 1
  m_ConnectedMassScale: 1
--- !u!114 &2285954487328647465
MonoBehaviour:
  m_ObjectHideFlags: 0
  m_CorrespondingSourceObject: {fileID: 0}
  m_PrefabInstance: {fileID: 0}
  m_PrefabAsset: {fileID: 0}
  m_GameObject: {fileID: 2285954487328647470}
  m_Enabled: 1
  m_EditorHideFlags: 0
  m_Script: {fileID: 11500000, guid: 8e17fc9825c612a44a93bc1d994a0c75, type: 3}
  m_Name: 
  m_EditorClassIdentifier: 
  ballType: 4
  lightningBall: {fileID: 0}
  startPosition: {x: 0, y: 0, z: 0}
  awakePosition: {x: 0, y: 0, z: 0}
  nearestPositions: []
  neighbors: []
  sameBalls: []
  closestBalls: []
  balls: []
  inTrig: 0
