%YAML 1.1
%TAG !u! tag:unity3d.com,2011:
--- !u!1 &8118268688061462097
GameObject:
  m_ObjectHideFlags: 0
  m_CorrespondingSourceObject: {fileID: 0}
  m_PrefabInstance: {fileID: 0}
  m_PrefabAsset: {fileID: 0}
  serializedVersion: 6
  m_Component:
  - component: {fileID: 4727952885757295462}
  - component: {fileID: 3556765962728797512}
  - component: {fileID: 4941219811127115074}
  - component: {fileID: 6884021610531706786}
  - component: {fileID: 5796389944039243280}
  - component: {fileID: 1343000643577833929}
  - component: {fileID: 1331869134342601162}
  - component: {fileID: -599035966316841646}
  m_Layer: 1
  m_Name: VioletBall
  m_TagString: Balls
  m_Icon: {fileID: 0}
  m_NavMeshLayer: 0
  m_StaticEditorFlags: 0
  m_IsActive: 0
--- !u!4 &4727952885757295462
Transform:
  m_ObjectHideFlags: 0
  m_CorrespondingSourceObject: {fileID: 0}
  m_PrefabInstance: {fileID: 0}
  m_PrefabAsset: {fileID: 0}
  m_GameObject: {fileID: 8118268688061462097}
  m_LocalRotation: {x: -0, y: -0, z: -0, w: 1}
  m_LocalPosition: {x: 76.09999, y: 90.7, z: -3}
  m_LocalScale: {x: 5.5, y: 5.5, z: 5.5}
  m_Children:
  - {fileID: 4746465353885243663}
  m_Father: {fileID: 0}
  m_RootOrder: 0
  m_LocalEulerAnglesHint: {x: 0, y: 0, z: 0}
--- !u!33 &3556765962728797512
MeshFilter:
  m_ObjectHideFlags: 0
  m_CorrespondingSourceObject: {fileID: 0}
  m_PrefabInstance: {fileID: 0}
  m_PrefabAsset: {fileID: 0}
  m_GameObject: {fileID: 8118268688061462097}
  m_Mesh: {fileID: 289301614986012343, guid: 2f8c8d37d2f0d9142abf107f73fbf952, type: 3}
--- !u!23 &4941219811127115074
MeshRenderer:
  m_ObjectHideFlags: 0
  m_CorrespondingSourceObject: {fileID: 0}
  m_PrefabInstance: {fileID: 0}
  m_PrefabAsset: {fileID: 0}
  m_GameObject: {fileID: 8118268688061462097}
  m_Enabled: 1
  m_CastShadows: 0
  m_ReceiveShadows: 0
  m_DynamicOccludee: 1
  m_MotionVectors: 2
  m_LightProbeUsage: 0
  m_ReflectionProbeUsage: 0
  m_RayTracingMode: 2
  m_RenderingLayerMask: 1
  m_RendererPriority: 0
  m_Materials:
  - {fileID: 2100000, guid: 8fe333d173a66e14e8f0d160ac534623, type: 2}
  m_StaticBatchInfo:
    firstSubMesh: 0
    subMeshCount: 0
  m_StaticBatchRoot: {fileID: 0}
  m_ProbeAnchor: {fileID: 0}
  m_LightProbeVolumeOverride: {fileID: 0}
  m_ScaleInLightmap: 1
  m_ReceiveGI: 1
  m_PreserveUVs: 0
  m_IgnoreNormalsForChartDetection: 0
  m_ImportantGI: 0
  m_StitchLightmapSeams: 1
  m_SelectedEditorRenderState: 3
  m_MinimumChartSize: 4
  m_AutoUVMaxDistance: 0.5
  m_AutoUVMaxAngle: 89
  m_LightmapParameters: {fileID: 0}
  m_SortingLayerID: 0
  m_SortingLayer: 0
  m_SortingOrder: 0
--- !u!135 &6884021610531706786
SphereCollider:
  m_ObjectHideFlags: 0
  m_CorrespondingSourceObject: {fileID: 0}
  m_PrefabInstance: {fileID: 0}
  m_PrefabAsset: {fileID: 0}
  m_GameObject: {fileID: 8118268688061462097}
  m_Material: {fileID: 0}
  m_IsTrigger: 0
  m_Enabled: 1
  serializedVersion: 2
  m_Radius: 0.5
  m_Center: {x: 0, y: 0, z: 0}
--- !u!54 &5796389944039243280
Rigidbody:
  m_ObjectHideFlags: 0
  m_CorrespondingSourceObject: {fileID: 0}
  m_PrefabInstance: {fileID: 0}
  m_PrefabAsset: {fileID: 0}
  m_GameObject: {fileID: 8118268688061462097}
  serializedVersion: 2
  m_Mass: 1
  m_Drag: 3
  m_AngularDrag: 0.05
  m_UseGravity: 0
  m_IsKinematic: 0
  m_Interpolate: 0
  m_Constraints: 120
  m_CollisionDetection: 0
--- !u!145 &1343000643577833929
SpringJoint:
  m_ObjectHideFlags: 0
  m_CorrespondingSourceObject: {fileID: 0}
  m_PrefabInstance: {fileID: 0}
  m_PrefabAsset: {fileID: 0}
  m_GameObject: {fileID: 8118268688061462097}
  m_ConnectedBody: {fileID: 0}
  m_Anchor: {x: 0, y: 0, z: 0}
  m_AutoConfigureConnectedAnchor: 1
  m_ConnectedAnchor: {x: 76.09999, y: 90.7, z: -3}
  serializedVersion: 2
  m_Spring: 1000
  m_Damper: 100
  m_MinDistance: 0
  m_MaxDistance: 0
  m_Tolerance: 1.00000005e-20
  m_BreakForce: Infinity
  m_BreakTorque: Infinity
  m_EnableCollision: 1
  m_EnablePreprocessing: 0
  m_MassScale: 1
  m_ConnectedMassScale: 1
--- !u!114 &1331869134342601162
MonoBehaviour:
  m_ObjectHideFlags: 0
  m_CorrespondingSourceObject: {fileID: 0}
  m_PrefabInstance: {fileID: 0}
  m_PrefabAsset: {fileID: 0}
  m_GameObject: {fileID: 8118268688061462097}
  m_Enabled: 1
  m_EditorHideFlags: 0
  m_Script: {fileID: 11500000, guid: 8e17fc9825c612a44a93bc1d994a0c75, type: 3}
  m_Name: 
  m_EditorClassIdentifier: 
  ballType: 3
  lightningBall: {fileID: 4831549158701429031}
  startPosition: {x: 0, y: 0, z: 0}
  awakePosition: {x: 0, y: 0, z: 0}
  nearestPositions: []
  neighbors: []
  sameBalls: []
  closestBalls: []
  balls: []
  inTrig: 0
--- !u!114 &-599035966316841646
MonoBehaviour:
  m_ObjectHideFlags: 0
  m_CorrespondingSourceObject: {fileID: 0}
  m_PrefabInstance: {fileID: 0}
  m_PrefabAsset: {fileID: 0}
  m_GameObject: {fileID: 8118268688061462097}
  m_Enabled: 0
  m_EditorHideFlags: 0
  m_Script: {fileID: 11500000, guid: f12b7f97783e5474092790bc1626ad3f, type: 3}
  m_Name: 
  m_EditorClassIdentifier: 
  staticPoint: {fileID: 654443270251581224, guid: 913de715c16a7d94c94d75bd786b6348,
    type: 3}
  pixelForm: {fileID: 3486979154079961920, guid: 09b50006137c17f43bd713fe1b40af09,
    type: 3}
  cam: {fileID: 6825193752007896137, guid: ab88faf3132e7cb4fa248f5bd14314e3, type: 3}
--- !u!1001 &4742176415867810473
PrefabInstance:
  m_ObjectHideFlags: 0
  serializedVersion: 2
  m_Modification:
    m_TransformParent: {fileID: 4727952885757295462}
    m_Modifications:
    - target: {fileID: 1306605793903958, guid: 9ce4142b18056ab4b813713b878856ca, type: 3}
      propertyPath: m_Name
      value: ElectricitySphere
      objectReference: {fileID: 0}
    - target: {fileID: 4870030517758886, guid: 9ce4142b18056ab4b813713b878856ca, type: 3}
      propertyPath: m_LocalPosition.x
      value: 0
      objectReference: {fileID: 0}
    - target: {fileID: 4870030517758886, guid: 9ce4142b18056ab4b813713b878856ca, type: 3}
      propertyPath: m_LocalPosition.y
      value: 0
      objectReference: {fileID: 0}
    - target: {fileID: 4870030517758886, guid: 9ce4142b18056ab4b813713b878856ca, type: 3}
      propertyPath: m_LocalPosition.z
      value: 0
      objectReference: {fileID: 0}
    - target: {fileID: 4870030517758886, guid: 9ce4142b18056ab4b813713b878856ca, type: 3}
      propertyPath: m_LocalRotation.x
      value: 0
      objectReference: {fileID: 0}
    - target: {fileID: 4870030517758886, guid: 9ce4142b18056ab4b813713b878856ca, type: 3}
      propertyPath: m_LocalRotation.y
      value: 0
      objectReference: {fileID: 0}
    - target: {fileID: 4870030517758886, guid: 9ce4142b18056ab4b813713b878856ca, type: 3}
      propertyPath: m_LocalRotation.z
      value: 0
      objectReference: {fileID: 0}
    - target: {fileID: 4870030517758886, guid: 9ce4142b18056ab4b813713b878856ca, type: 3}
      propertyPath: m_LocalRotation.w
      value: 1
      objectReference: {fileID: 0}
    - target: {fileID: 4870030517758886, guid: 9ce4142b18056ab4b813713b878856ca, type: 3}
      propertyPath: m_RootOrder
      value: 0
      objectReference: {fileID: 0}
    - target: {fileID: 4870030517758886, guid: 9ce4142b18056ab4b813713b878856ca, type: 3}
      propertyPath: m_LocalEulerAnglesHint.x
      value: 0
      objectReference: {fileID: 0}
    - target: {fileID: 4870030517758886, guid: 9ce4142b18056ab4b813713b878856ca, type: 3}
      propertyPath: m_LocalEulerAnglesHint.y
      value: 0
      objectReference: {fileID: 0}
    - target: {fileID: 4870030517758886, guid: 9ce4142b18056ab4b813713b878856ca, type: 3}
      propertyPath: m_LocalEulerAnglesHint.z
      value: 0
      objectReference: {fileID: 0}
    - target: {fileID: 4870030517758886, guid: 9ce4142b18056ab4b813713b878856ca, type: 3}
      propertyPath: m_LocalScale.x
      value: 1
      objectReference: {fileID: 0}
    - target: {fileID: 4870030517758886, guid: 9ce4142b18056ab4b813713b878856ca, type: 3}
      propertyPath: m_LocalScale.y
      value: 1
      objectReference: {fileID: 0}
    - target: {fileID: 4870030517758886, guid: 9ce4142b18056ab4b813713b878856ca, type: 3}
      propertyPath: m_LocalScale.z
      value: 1
      objectReference: {fileID: 0}
    - target: {fileID: 198866534812435342, guid: 9ce4142b18056ab4b813713b878856ca,
        type: 3}
      propertyPath: InitialModule.startColor.maxColor.r
      value: 0.63529414
      objectReference: {fileID: 0}
    - target: {fileID: 198866534812435342, guid: 9ce4142b18056ab4b813713b878856ca,
        type: 3}
      propertyPath: InitialModule.startColor.maxColor.g
      value: 0.18431373
      objectReference: {fileID: 0}
    - target: {fileID: 198866534812435342, guid: 9ce4142b18056ab4b813713b878856ca,
        type: 3}
      propertyPath: InitialModule.startColor.maxColor.b
      value: 1
      objectReference: {fileID: 0}
    m_RemovedComponents: []
  m_SourcePrefab: {fileID: 100100000, guid: 9ce4142b18056ab4b813713b878856ca, type: 3}
--- !u!4 &4746465353885243663 stripped
Transform:
  m_CorrespondingSourceObject: {fileID: 4870030517758886, guid: 9ce4142b18056ab4b813713b878856ca,
    type: 3}
  m_PrefabInstance: {fileID: 4742176415867810473}
  m_PrefabAsset: {fileID: 0}
--- !u!198 &4831549158701429031 stripped
ParticleSystem:
  m_CorrespondingSourceObject: {fileID: 198866534812435342, guid: 9ce4142b18056ab4b813713b878856ca,
    type: 3}
  m_PrefabInstance: {fileID: 4742176415867810473}
  m_PrefabAsset: {fileID: 0}
